@inproceedings{gamma1993design,
	title={Design Patterns: Abstraction and Reuse of Object-Oriented Design},
	author={Gamma, Erich and Helm, Richard and Johnson, Ralph E and Vlissides, John M},
	booktitle={Proceedings of the 7th European Conference on Object-Oriented Programming},
	pages={406--431},
	year={1993},
	organization={Springer-Verlag}
}